@article{1,
  title={Classification of Lidar Point Cloud and Generation of DTM from LiDAR Height and Intensity Data in Forested Area},
  author={Yunfei, Bao and Guoping, Li and Cao, Chunxiang and Xiaowen, Li and Zhang, Hao and Qisheng, He and Linyan, Bai and Chaoyi, Chang},
  journal={The International Archives of the Photogrammetry, Remote Sensing and Spatial Information Sciences},
  number={37},
  year={2008}
}

@article{2,
  title={Lidar remote sensing for forestry},
  author={Dubayah, Ralph O and Drake, Jason B},
  journal={Journal of forestry},
  volume={98},
  number={6},
  pages={44--46},
  year={2000},
  publisher={Oxford University Press},
  doi = {10.1093/jof/98.6.44}
}


@misc{3,
title = {ASPRS LAS format standard 1.4},
author = {{ASPRS}},
year = {2011}
}



@article{4,
  title={A progressive morphological filter for removing nonground measurements from airborne LIDAR data},
  author={Zhang, Keqi and Chen, Shu-Ching and Whitman, Dean and Shyu, Mei-Ling and Yan, Jianhua and Zhang, Chengcui},
  journal={IEEE transactions on geoscience and remote sensing},
  volume={41},
  number={4},
  pages={872--882},
  year={2003},
  publisher={IEEE}
}

@misc{5,
title = {{How to Produce Canopy Height Models (CHM) in Steep Terrain - LiDAR Data Point Cloud Processing}},
author = {{Green Valley International}},
year = {2022},
url = {https://greenvalleyintl.com/article/processing-canopy-height-model-in-steep-terrain.html}
}



@article{6,
  title={Filling invalid values in a lidar-derived canopy height model with morphological crown control},
  author={Zhao, Dan and Pang, Yong and Li, Zengyuan and Sun, Guoqing},
  journal={International Journal of Remote Sensing},
  volume={34},
  number={13},
  pages={4636--4654},
  year={2013},
  publisher={Taylor \& Francis},
  doi = {10.1080/01431161.2013.779398}
}



@article{7,
  title={Tree-centric mapping of forest carbon density from airborne laser scanning and hyperspectral data},
  author={Dalponte, Michele and Coomes, David A},
  journal={Methods in ecology and evolution},
  volume={7},
  number={10},
  pages={1236--1245},
  year={2016},
  publisher={Wiley Online Library},
  doi = {10.1111/2041-210X.12575}
}

@misc{8,
title = {{Individual Tree Segmentation Algorithm}},
author = {{R Documentation}},
url = {https://search.r-project.org/CRAN/refmans/lidR/html/its_dalponte2016.html}
}

@article{9,
  title={An individual tree segmentation method based on watershed algorithm and 3D spatial distribution analysis from airborne LiDAR point clouds},
  author={Yang, Juntao and Kang, Zhizhong and Cheng, Sai and Yang, Zhou and Akwensi, Perpetual},
  journal={IEEE Journal of Selected Topics in Applied Earth Observations and Remote Sensing},
  volume={13},
  pages={1055-1067},
  year={2020},
  doi = {10.1109/JSTARS.2020.2979369}
}


@article{10,
  title={Hierarchical watershed segmentation of canopy height model for multi-scale forest inventory},
  author={Zhao, Kaiguang and Popescu, Sorin},
  journal={Hierarchical watershed segmentation of canopy height model for multi-scale forest inventory},
  volume={XXXVI},
  number={3/W52},
  year={2012}
}